@misc{muest2016,
  author        = {Tapia García,Jesús Alberto},
  title         = {{Muestreo Estadístico 1}},
  year          = {2016/17},
  publisher     = {Facultad de Ciencias: Departamento de Estadística}
}

@misc{wiki:Panel_data,
   author = "Wikipedia",
   title = "{Panel data} --- {W}ikipedia{,} The Free Encyclopedia",
   year = "2017",
   howpublished = {\url{http://en.wikipedia.org/w/index.php?title=Panel\%20data&oldid=793754953}},
   note = "[Online; accessed 15-September-2017]"
 }

@misc{wiki:Panel_analysis,
  author = "Wikipedia",
  title = "{Panel analysis} --- {W}ikipedia{,} The Free Encyclopedia",
  year = "2017",
  howpublished = {\url{http://en.wikipedia.org/w/index.php?title=Panel\%20analysis&oldid=777374335}},
  note = "[Online; accessed 15-September-2017]"
}

@article{de2007tipos,
  title={Tipos de encuestas considerando la dimensi{\'o}n temporal},
  author={de Rada, Vidal D{\'\i}az},
  journal={Papers: revista de sociologia},
  number={86},
  pages={131--145},
  year={2007}
}
